
@book{baehr_warme-_2019,
	location = {Berlin, Heidelberg},
	title = {W채rme- und Stoff체bertragung},
	rights = {http://www.springer.com/tdm},
	isbn = {978-3-662-58440-8 978-3-662-58441-5},
	url = {http://link.springer.com/10.1007/978-3-662-58441-5},
	publisher = {Springer Berlin Heidelberg},
	author = {Baehr, Hans Dieter and Stephan, Karl},
	urldate = {2024-10-20},
	date = {2019},
	langid = {german},
	doi = {10.1007/978-3-662-58441-5},
	file = {PDF:C\:\\Users\\baso_le\\Zotero\\storage\\HE5YZJTP\\Baehr and Stephan - 2019 - W채rme- und Stoff체bertragung.pdf:application/pdf},
}
